<record><leader>00000cas a22000007a 4500</leader><controlfield tag="001">14564052</controlfield><controlfield tag="008">861029d18841898txuwr ne      0    0eng d</controlfield><datafield ind1=" " ind2=" " tag="010"><subfield code="a">sn 86089840 </subfield></datafield><datafield ind1=" " ind2=" " tag="040"><subfield code="a">PPM</subfield><subfield code="b">eng</subfield><subfield code="c">PPM</subfield><subfield code="d">OCLCQ</subfield></datafield><datafield ind1=" " ind2=" " tag="042"><subfield code="a">msc</subfield></datafield><datafield ind1="0" ind2="4" tag="245"><subfield code="a">The East Texas news.</subfield></datafield><datafield ind1=" " ind2=" " tag="260"><subfield code="a">Palestine, Tex. :</subfield><subfield code="b">James A. Bills</subfield></datafield><datafield ind1=" " ind2=" " tag="300"><subfield code="a">v. :</subfield><subfield code="b">ill. ;</subfield><subfield code="c">61 cm.</subfield></datafield><datafield ind1=" " ind2=" " tag="310"><subfield code="a">Weekly</subfield></datafield><datafield ind1="1" ind2=" " tag="362"><subfield code="a">Began in 1884; ceased in 1898?</subfield></datafield><datafield ind1=" " ind2=" " tag="588"><subfield code="a">Description based on: Vol. 9, no. 14 (Nov. 22, 1884).</subfield></datafield><datafield ind1=" " ind2=" " tag="752"><subfield code="a">United States</subfield><subfield code="b">Texas</subfield><subfield code="c">Anderson</subfield><subfield code="d">Palestine.</subfield></datafield><datafield ind1="0" ind2="0" tag="780"><subfield code="t">Eastern Texas news</subfield><subfield code="w">(DLC)sn 86089841</subfield></datafield></record>